% Encoding: UTF-8

%%%
%
%Beim Erstellen der Bibtex-Datei wird empfohlen darauf zu achten, dass die DOI aufgeführt wird.
%
%%%

@online{microsoftazure,
  title        = {Shaping the future of the game},
  howpublished = {Microsoft},
  year         = {2023},
  url          = {https://unlocked.microsoft.com/laliga-beyond-stats/},
  note         = {Zugegriffen: 31. Oktober 2023}
}

@book{scorecard,
  author    = {Paul Dickson},
  editor    = {},
  publisher = {Walker Books},
  title     = {The Joy of Keeping Score},
  year      = {1996},
  isbn      = {978-0802713070}
}


@article{beck_visual_2023,
  title     = {Visual {Planning} and {Analysis} of {Latin} {Formation} {Dance} {Patterns}},
  copyright = {Creative Commons Attribution 4.0 International},
  url       = {https://diglib.eg.org/handle/10.2312/evp20231076},
  doi       = {10.2312/EVP.20231076},
  language  = {en},
  urldate   = {2023-11-03},
  author    = {Beck, Samuel and Doerr, Nina and Schmierer, Fabian and Sedlmair, Michael and Koch, Steffen},
  year      = {2023},
  pages     = {3 pages}
}


@online{noauthor_tanzsport_nodate,
  title    = {Tanzsport {Deutschland}},
  url      = {https://www.tanzsport.de},
  abstract = {Deutschen Tanzsportverband e. V.},
  language = {de},
  urldate  = {2023-11-03},
  file     = {Snapshot:C\:\\Users\\alexr\\Zotero\\storage\\SJ27FE2L\\satzungen-und-ordnungen.html:text/html}
}

@article{formation_geschichte,
  title    = {Die {Geschichte} des {Formationstanzens}},
  author   = {Hans-Joachim Schäfer},
  year     = {1991},
  journal  = {Programmheft Deutschen Meisterschaft der Formationen 19.10.1991 in Köln},
  language = {de},
  file     = {Die Geschichte des Formationstanzens.pdf:C\:\\Users\\alexr\\Zotero\\storage\\ARNYP25V\\Die Geschichte des Formationstanzens.pdf:application/pdf}
}

@article{wertungsrichtlinien,
  title    = {Wertungsrichtlinien im {DTV}},
  language = {de},
  year     = {1998},
  file     = {Wertungsrichtlinien im DTV.pdf:C\:\\Users\\alexr\\Zotero\\storage\\Z739HNRZ\\Wertungsrichtlinien im DTV.pdf:application/pdf}
}


@online{src_persp_trans,
  title    = {OpenCV imgwarp module},
  label    = {Test},
  url      = {https://github.com/opencv/opencv/blob/11b020b9f9e111bddd40bffe3b1759aa02d966f0/modules/imgproc/src/imgwarp.cpp},
  abstract = {Open Source Computer Vision Library. Contribute to opencv/opencv development by creating an account on GitHub.},
  language = {en},
  urldate  = {2023-11-05},
  journal  = {GitHub}
}


@article{sedlmair_design_2012,
  title      = {Design {Study} {Methodology}: {Reflections} from the {Trenches} and the {Stacks}},
  volume     = {18},
  issn       = {1941-0506},
  shorttitle = {Design {Study} {Methodology}},
  doi        = {10.1109/TVCG.2012.213},
  number     = {12},
  journal    = {IEEE Transactions on Visualization and Computer Graphics},
  author     = {Sedlmair, Michael and Meyer, Miriah and Munzner, Tamara},
  month      = dec,
  year       = {2012},
  note       = {Conference Name: IEEE Transactions on Visualization and Computer Graphics},
  keywords   = {Algorithm design and analysis, Collaboration, Data visualization, Design methodology, Design study, framework, Logic gates, methodology, visualization, Visualization},
  pages      = {2431--2440},
  file       = {IEEE Xplore Abstract Record:C\:\\Users\\alexr\\Zotero\\storage\\K5PJRP9Q\\stamp.html:text/html;IEEE Xplore Full Text PDF:C\:\\Users\\alexr\\Zotero\\storage\\JQKYE75B\\Sedlmair et al. - 2012 - Design Study Methodology Reflections from the Tre.pdf:application/pdf}
}



@online{opencv2023about,
  title        = {About},
  howpublished = {OpenCV},
  year         = {2023},
  url          = {https://opencv.org/about/},
  note         = {Zugegriffen: 22. September 2023}
}


@online{krill2023react,
  author       = {P. Krill},
  title        = {React: Making faster, smoother UIs for data-driven Web apps},
  year         = {2023},
  howpublished = {InfoWorld},
  url          = {https://www.infoworld.com/article/2608181/react--making-faster--smoother-uis-for-data-driven-web-apps.html},
  note         = {Zugegriffen: 27. September 2023}
}

@online{react2023,
  title        = {React: The library for web and native user interfaces},
  year         = {2023},
  howpublished = {Meza Open Source},
  url          = {https://react.dev/},
  note         = {Zugegriffen: 27. September 2023}
}

@inbook{inbook,
  author = {Bucanek, James},
  year   = {2009},
  month  = {01},
  pages  = {},
  title  = {Model-View-Controller Pattern},
  isbn   = {978-1-4302-2369-6},
  doi    = {10.1007/978-1-4302-2370-2_20}
}


@article{deacon-model-view-controller2009,
  title    = {Model-{View}-{Controller} ({MVC}) {Architecture}},
  language = {en},
  author   = {Deacon, John},
  year     = {2009},
  file     = {Deacon - 2009 - Model-View-Controller (MVC) Architecture.pdf:C\:\\Users\\alexr\\Zotero\\storage\\624ZTVBU\\Deacon - 2009 - Model-View-Controller (MVC) Architecture.pdf:application/pdf}
}


@misc{virtualDOM,
  title    = {Virtual {DOM} and {Internals} – {React}},
  label    = {DOM},
  url      = {https://legacy.reactjs.org/docs/faq-internals.html},
  abstract = {A JavaScript library for building user interfaces},
  language = {en},
  urldate  = {2023-09-28},
  file     = {Snapshot:C\:\\Users\\alexr\\Zotero\\storage\\FFILN9Y3\\faq-internals.html:text/html}
}




